<record><leader>00000cas a22000007a 4500</leader><controlfield tag="001">26986324</controlfield><controlfield tag="008">921117d19351946nyuwr ne      0    0eng d</controlfield><datafield ind1=" " ind2=" " tag="010"><subfield code="a">sn 93063739 </subfield></datafield><datafield ind1=" " ind2=" " tag="040"><subfield code="a">NYS</subfield><subfield code="b">eng</subfield><subfield code="c">NYS</subfield><subfield code="d">NYG</subfield><subfield code="d">NYS</subfield><subfield code="d">OCLCQ</subfield></datafield><datafield ind1=" " ind2=" " tag="042"><subfield code="a">msc</subfield></datafield><datafield ind1=" " ind2="4" tag="050"><subfield code="a">F129.S57</subfield><subfield code="b">S6</subfield></datafield><datafield ind1="0" ind2="0" tag="245"><subfield code="a">Silver Creek news and times.</subfield></datafield><datafield ind1="3" ind2="0" tag="246"><subfield code="a">Silver Creek news-times</subfield></datafield><datafield ind1="1" ind2="3" tag="246"><subfield code="a">Silver Creek news and Silver Creek times</subfield></datafield><datafield ind1=" " ind2=" " tag="260"><subfield code="a">Silver Creek, Chautauqua County, N.Y. :</subfield><subfield code="b">Edith Z. Bowerman</subfield></datafield><datafield ind1=" " ind2=" " tag="300"><subfield code="a">v.</subfield></datafield><datafield ind1=" " ind2=" " tag="310"><subfield code="a">Weekly</subfield></datafield><datafield ind1="0" ind2=" " tag="362"><subfield code="a">Vol. 28 (May 2, 1935)-v. 40, no. 1 [14] (Apr. 4, 1946).</subfield></datafield><datafield ind1=" " ind2=" " tag="515"><subfield code="a">Issues for May 2, 1935-&lt;May 23, 1935&gt; have volume number, but lack issue numbers; issues for &lt;June 6, 1935&gt;- called vol. 28, no. &lt;23&gt;-</subfield></datafield><datafield ind1=" " ind2="4" tag="651"><subfield code="a">Silver Creek (N.Y.)</subfield><subfield code="v">Newspapers.</subfield></datafield><datafield ind1=" " ind2="4" tag="651"><subfield code="a">Hanover (N.Y.)</subfield><subfield code="v">Newspapers.</subfield></datafield><datafield ind1=" " ind2="4" tag="651"><subfield code="a">Chautauqua County (N.Y.)</subfield><subfield code="v">Newspapers.</subfield></datafield><datafield ind1=" " ind2=" " tag="752"><subfield code="a">United States</subfield><subfield code="b">New York</subfield><subfield code="c">Chautauqua</subfield><subfield code="d">Silver Creek.</subfield></datafield><datafield ind1="0" ind2="4" tag="780"><subfield code="t">Silver Creek news</subfield><subfield code="w">(DLC)sn 92062089</subfield><subfield code="w">(OCoLC)26521040</subfield></datafield><datafield ind1="0" ind2="4" tag="780"><subfield code="t">Silver Creek times</subfield><subfield code="w">(DLC)sn 93063738</subfield><subfield code="w">(OCoLC)26986451</subfield></datafield><datafield ind1="0" ind2="5" tag="780"><subfield code="t">Creeker</subfield><subfield code="w">(DLC)sn 92062154</subfield><subfield code="w">(OCoLC)26784570</subfield></datafield><datafield ind1="0" ind2="0" tag="785"><subfield code="t">Lake Shore news and times</subfield><subfield code="w">(DLC)sn 93063740</subfield><subfield code="w">(OCoLC)26986098</subfield></datafield></record>